% This file was created with JabRef 2.7b.
% Encoding: UTF8

@MISC{tbr2011,
  author = {Tobias Breuer},
  title = {{Kamerabasierte Ballerkennung und Geschwindigkeitssch채tzung}},
  howpublished = {Bachelorarbeit.},
  month = {Institut f체r Robotik und Prozessinformatik. Technische Universit채t
		Braunschweig},
  year = {25. Mai 2011},
  owner = {johannes},
  timestamp = {2011.12.18}
}

@ARTICLE{Hart1968,
  author = {P. E. Hart and N. J. Nilsson and B. Raphael: IE},
  title = {{A Formal Basis for the Heuristic Determination of Minimum Cost Paths}},
  journal = {IEEE Transactions on Systems Science and Cybernetics},
  year = {1968},
  pages = {100-107},
  owner = {johannes},
  timestamp = {2011.12.18}
}

@MANUAL{p3dxmanual,
  title = {Pioneer 3 Operations Manual with MobileRobots Exclusive Advanced
	Robot Control \& Operations Software},
  author = {MobileRobots Inc.},
  month = {Januar},
  year = {2006},
  note = {\url{http://www.ist.tugraz.at/_attach/Publish/Kmr06/pioneer-robot.pdf}},
  owner = {johannes},
  timestamp = {2011.12.18}
}

@MANUAL{Shinners2011,
  title = {{Python Pygame Introduction}},
  author = {Pete Shinners},
  year = {2011},
  note = {\url{http://www.pygame.org/docs/tut/intro/intro.html} [Online; Stand
	18. Dezember 2011]},
  owner = {johannes},
  timestamp = {2011.12.18}
}

@MISC{wiki:astern,
  author = {Wikipedia},
  title = {{A*-Algorithmus --- Wikipedia{,} Die freie Enzyklop채die}},
  year = {2011},
  note = {\url{http://de.wikipedia.org/w/index.php?title=A*-Algorithmus&oldid=96923702}
	[Online; Stand 18. Dezember 2011]},
  url = {\url{http://de.wikipedia.org/w/index.php?title=A*-Algorithmus&oldid=96923702}}
}

@comment{jabref-meta: selector_publisher:}

@comment{jabref-meta: selector_author:}

@comment{jabref-meta: selector_journal:}

@comment{jabref-meta: selector_keywords:}

